@misc{ wiki:cauchy-rep-int,
   author = "Wikipedia",
   title = "Cauchy formula for repeated integration",
   year = "2015",
   url = "http://en.wikipedia.org/wiki/Cauchy_formula_for_repeated_integration"
}

@misc{ wiki:mvt-int,
   author = "Wikipedia",
   title = "First mean value theorem for integration",
   year = "2015",
   url = "http://en.wikipedia.org/wiki/Mean_value_theorem#Mean_value_theorems_for_integration"
}

@misc{ wiki:ratio-test,
   author = "Wikipedia",
   title = "Ratio test",
   year = "2015",
   url = "http://en.wikipedia.org/wiki/Ratio_test#Proof"
}

@misc{ wiki:smooth-non-analytic,
   author = "Wikipedia",
   title = "Non-analytic smooth function",
   year = "2015",
   url = "http://en.wikipedia.org/wiki/Non-analytic_smooth_function" 
}

@misc{ wiki:sqrt,
   author = "Wikipedia",
   title = "Square root",
   year = "2015",
   url="http://en.wikipedia.org/wiki/Square_root#Properties_and_uses"
}

@book{needham:visual-complex,
   author="Needham, Tristan", 
   title="Visual Complex Analysis",
   year = "2012",
   publisher = "Oxford University Press",
   address="Great Clarendon Street, Oxford \textsc{ox2} \textsc{6dp} United Kingdom",
   isbn="978-0-19-853446-4"
} 



