@misc{ wiki:vandermonde,
   author = "Wikipedia",
   title = "Vandermonde matrix",
   year = "2015",
   url="http://en.wikipedia.org/wiki/Vandermonde_matrix"
}

@misc{ wiki:polynomial-rem,
   author = "Wikipedia",
   title = "Polynomial remainder theorem",
   year = "2015",
   url="http://en.wikipedia.org/wiki/Polynomial_remainder_theorem"
}

@misc{proofwiki:vandermonde,
author = "ProofWiki",
title = "Vandermonde Determinant",
year = "2015",
url ="https://www.proofwiki.org/wiki/Vandermonde_Determinant"
}
