@book{elements,
author = "Euclid",
title = "The Elements",
url="http://www.wilbourhall.org/pdfs/heath_euclid_ii.pdf"
}