@misc{wiki:cat-gen,
author = "Wikipedia",
title = "Problem of multiple generality", 
year = "2015",
url =  "https://en.wikipedia.org/wiki/Problem_of_multiple_generality"
}

@misc{wiki:demorgan,
author = "Wikipedia",
title = "De Morgan's laws",
year = "2015",
url =  "https://en.wikipedia.org/wiki/De_Morgan%27s_laws"
}

@misc{wiki:frege,
author = "Wikipedia",
title = "Gottlob Frege",
year = "2015",
url = "https://en.wikipedia.org/wiki/Gottlob_Frege"
}

@misc{alice,
author = "Devlin's Angle",
title = "The hidden math behind \emph{Alice in Wonderland}",
year = "2015",
url = "https://www.maa.org/external_archive/devlin/devlin_03_10.html"
}

@misc{wiki:peano,
author = "Wikipedia",
title="Peano axioms",
year ="2015",
url="https://en.wikipedia.org/wiki/Peano_axioms"
}

@misc{wiki:hilbert-prog,
author = "Wikipedia",
title = "Hilbert's Program",
year = "2015",
url = "https://en.wikipedia.org/wiki/Hilbert%27s_program"
}